<?xml version="1.0" encoding="UTF-8"?><collection xmlns="http://www.loc.gov/MARC21/slim"><record><leader>00297nam--2200121-i-4500</leader><controlfield tag="001">000006535</controlfield><controlfield tag="002">20161230</controlfield><controlfield tag="005">20161230201026</controlfield><controlfield tag="008">060222s1000------------r-----000-0-eng-d</controlfield><datafield ind1=" " ind2=" " tag="245"><subfield code="a">Molecular rearrangements</subfield></datafield><datafield ind1=" " ind2=" " tag="260"><subfield code="a">New York, Interscience Publ., 1963</subfield></datafield><datafield ind1=" " ind2=" " tag="490"><subfield code="a">Xii+1244p</subfield></datafield><datafield ind1=" " ind2=" " tag="700"><subfield code="a">Mayo, Paul De</subfield></datafield></record></collection>